@inproceedings{shoemake1985slerp,
  author    = {Ken Shoemake},
  title     = {Animating Rotation with Quaternion Curves},
  booktitle = {Proceedings of the 12th Annual Conference on Computer Graphics and Interactive Techniques (SIGGRAPH)},
  year      = {1985},
  pages     = {245--254},
  publisher = {ACM},
  doi       = {10.1145/325334.325242}
}

@misc{mergekit_github,
  author       = {{MergeKit Contributors}},
  title        = {MergeKit: Tools for Merging Large Language Models},
  year         = {2023},
  howpublished = {GitHub repository},
  note         = {https://github.com/arcee-ai/mergekit}
}

@inproceedings{gao2021simcse,
  author    = {Tianyu Gao and Xingcheng Yao and Danqi Chen},
  title     = {SimCSE: Simple Contrastive Learning of Sentence Embeddings},
  booktitle = {Proceedings of the 2021 Conference on Empirical Methods in Natural Language Processing (EMNLP)},
  year      = {2021},
  doi       = {10.18653/v1/2021.emnlp-main.552}
}

@inproceedings{velickovic2018graph,
  author    = {Petar Veli\'{c}kovi\'{c} and Guillem Cucurull and Arantxa Casanova and Adriana Romero and Pietro Li\`{o} and Yoshua Bengio},
  title     = {Graph Attention Networks},
  booktitle = {International Conference on Learning Representations (ICLR)},
  year      = {2018}
}

@inproceedings{vaswani2017attention,
  author    = {Ashish Vaswani and Noam Shazeer and Niki Parmar and Jakob Uszkoreit and Llion Jones and Aidan N. Gomez and Lukasz Kaiser and Illia Polosukhin},
  title     = {Attention Is All You Need},
  booktitle = {Advances in Neural Information Processing Systems (NeurIPS)},
  year      = {2017}
}

@article{auer2002finite,
  author  = {Peter Auer and Nicol\`{o} Cesa-Bianchi and Paul Fischer},
  title   = {Finite-time Analysis of the Multiarmed Bandit Problem},
  journal = {Machine Learning},
  year    = {2002},
  volume  = {47},
  number  = {2--3},
  pages   = {235--256},
  doi     = {10.1023/A:1013689704352}
}

@article{kingma2015adam,
  author  = {Diederik P. Kingma and Jimmy Ba},
  title   = {Adam: A Method for Stochastic Optimization},
  journal = {International Conference on Learning Representations (ICLR)},
  year    = {2015},
  note    = {arXiv:1412.6980}
}

@article{ifeval_zhou_2023,
  author  = {Xiao Zhou and et al.},
  title   = {IFEval: Instruction Following Evaluation for Large Language Models},
  journal = {arXiv preprint arXiv:2311.07367},
  year    = {2023}
}

@article{li2023cmmlu,
  author  = {Xiaonan Li and et al.},
  title   = {CMMLU: Measuring Massive Multitask Language Understanding in Chinese},
  journal = {arXiv preprint arXiv:2306.09212},
  year    = {2023}
}

@article{hendrycks2021math,
  author  = {Dan Hendrycks and Collin Burns and Steven Basart and Andy Zou and Mantas Mazeika and Dawn Song and Jacob Steinhardt},
  title   = {Measuring Mathematical Problem Solving With the MATH Dataset},
  journal = {arXiv preprint arXiv:2103.03874},
  year    = {2021}
}

@article{austin2021mbpp,
  author  = {Jacob Austin and Augustus Odena and Maxwell Nye and Maarten Bosma and Henryk Michalewski and David Dohan and Ellen Jiang and Carrie Cai and Michael Terry and Quoc V. Le and Charles Sutton},
  title   = {Program Synthesis with Large Language Models},
  journal = {arXiv preprint arXiv:2108.07732},
  year    = {2021}
}

@article{cobbe2021gsm8k,
  author  = {Karl Cobbe and Vineet Kosaraju and Mohammad Bavarian and Jacob Hilton and Reiichiro Nakano and Christopher Hesse and John Schulman},
  title   = {Training Verifiers to Solve Math Word Problems},
  journal = {arXiv preprint arXiv:2110.14168},
  year    = {2021},
  note    = {GSM8K}
}

@inproceedings{zellers2019hellaswag,
  author    = {Rowan Zellers and Ari Holtzman and Yonatan Bisk and Ali Farhadi and Yejin Choi},
  title     = {HellaSwag: Can a Machine Really Finish Your Sentence?},
  booktitle = {Proceedings of the 57th Annual Meeting of the Association for Computational Linguistics},
  year      = {2019},
  pages     = {4791--4800}
}

@inproceedings{clark2018arc,
  author    = {Peter Clark and Isaac Cowhey and Oren Etzioni and Tushar Khot and Ashish Sabharwal and Carissa Schoenick and Oyvind Tafjord},
  title     = {Think You Have Solved Question Answering? Try ARC, the AI2 Reasoning Challenge},
  booktitle = {Proceedings of the 2018 Conference on Empirical Methods in Natural Language Processing Workshop},
  year      = {2018}
}

@article{hendrycks2020mmlu,
  author  = {Dan Hendrycks and Collin Burns and Steven Basart and Andy Zou and Mantas Mazeika and Dawn Song and Jacob Steinhardt},
  title   = {Measuring Massive Multitask Language Understanding},
  journal = {arXiv preprint arXiv:2009.03300},
  year    = {2020}
}

@article{bai2022harmless,
  author  = {Yuntao Bai and et al.},
  title   = {Training a Helpful and Harmless Assistant with Reinforcement Learning from Human Feedback},
  journal = {arXiv preprint arXiv:2204.05862},
  year    = {2022}
}

@misc{alpaca_2023,
  author       = {{Stanford Center for Research on Foundation Models}},
  title        = {Stanford Alpaca: An Instruction-following LLaMA Model},
  year         = {2023},
  howpublished = {Project page},
  note         = {https://crfm.stanford.edu/2023/03/13/alpaca.html}
}

@misc{dolly_2023,
  author       = {{Databricks}},
  title        = {Dolly: A Large Language Model Trained on the Databricks Machine Learning Platform},
  year         = {2023},
  howpublished = {Blog post},
  note         = {https://www.databricks.com/blog/2023/03/24/hello-dolly-democratizing-magic-chatgpt-open-models.html}
}

